@book{魯迅1923吶喊,
  title     = {吶喊},
  author    = {魯迅},
  year      = {1923},
  publisher = {新潮社},
  address   = {北平市北京大學}
}
@book{cresswell2012new,
  title     = {A new introduction to modal logic},
  author    = {Cresswell, Maxwell John and Hughes, George Edward},
  year      = {2012},
  publisher = {Routledge}
}
@article{de1997issue,
  title     = {The issue of double modals in the history of English revisited},
  author    = {De la Cruz, JM},
  journal   = {TRENDS IN LINGUISTICS STUDIES AND MONOGRAPHS},
  volume    = {101},
  pages     = {87--100},
  year      = {1997},
  publisher = {MOUTON DE GRUYTER}
}
@article{hasty2011might,
  title   = {I might not would say that: A sociolinguistic study of double modal acceptance},
  author  = {Hasty, J Daniel},
  journal = {University of Pennsylvania Working Papers in Linguistics},
  volume  = {17},
  number  = {2},
  pages   = {11},
  year    = {2011}
}
@incollection{sep-logic-modal,
  author       = {Garson, James},
  title        = {{Modal Logic}},
  booktitle    = {The {Stanford} Encyclopedia of Philosophy},
  editor       = {Edward N. Zalta},
  howpublished = {\url{https://plato.stanford.edu/archives/sum2021/entries/logic-modal/}},
  year         = {2021},
  edition      = {{S}ummer 2021},
  publisher    = {Metaphysics Research Lab, Stanford University}
}
